@ONLINE{improc,
  title = {Coursera: Image and video processing},
  author = {Guillermo Sapiro}
  url = {https://www.coursera.org/course/images},
  note = {Accessed: 2014-12-14}
},


@article{ethics,
  title = {{Social Impacts of Computing: Codes of Professional Ethics}},
  author = {Ronald E. Anderson},
  doi = "10.1177/089443939201000402",
  journal = "Social Science Computer Review December",
  year = 1992,
  volume = 10,
  number = 4,
  pages = "453-469"
}

@misc{acm_categories,
  key = "association",
  title = {{How to Classify Works Using ACM's Computing Classification System}},
  note = {\url{http://www.acm.org/class/how_to_use.html}},
},

@inproceedings{Klemmer:2002:WSC:503376.503378,
 author = {Klemmer, Scott R. and Thomsen, Michael and Phelps-Goodman, Ethan and Lee, Robert and Landay, James A.},
 title = {Where do web sites come from?: capturing and interacting with design history},
 booktitle = {Proc. CHI 2002},
 year = {2002},
 pages = {1--8},
 publisher = {ACM Press},
} 

@inproceedings{Mather:2000:MUT,
  title = {Making up titles for conference papers},
  author = {Mather, B. D.},
  booktitle = {Ext. Abstracts CHI 2000},
  year = 2000,
  publisher = "ACM Press",
  pages = "1-2",
}

@book{Schwartz:1995:GBF,
  title = {{Guidelines for Bias-Free Writing}},
  author = {Schwartz, Marilyn},
  publisher = {Indiana University Press},
  location = {Bloomington, IN, USA},
  year = 1995,
}

@inproceedings{Zellweger:2001:FAO:504216.504224,
 author = {Zellweger, Polle T. and Bouvin, Niels Olof and Jeh{\o}j, Henning and Mackinlay, Jock D.},
 title = {Fluid annotations in an open world},
 booktitle = {Proc. Hypertext 2001},
 year = {2001},
 pages = {9--18},
 publisher = {ACM Press},
}

@article{bruyer2011combining,
  title={Combining speed and accuracy in cognitive psychology: Is the Inverse Efficiency Score (IES) a better dependent variable than the mean Reaction Time (RT) and the Percentage of Errors (PE)?},
  author={Bruyer, Raymond and Brysbaert, Marc},
  journal={Psychologica Belgica},
  volume={51},
  number={1},
  pages={5},
  year={2011}
}

@article{euzent2011assessing,
  title={Assessing student performance and perceptions in lecture capture vs. face-to-face course delivery},
  author={Euzent, Patricia and Martin, Thomas and Moskal, Patrick and Moskal, Patsy},
  journal={Journal of Information Technology Education: Research},
  volume={10},
  number={1},
  pages={295--307},
  year={2011}
}

@article{dey2009bringing,
  title={Bringing the classroom to the web: Effects of using new technologies to capture and deliver lectures},
  author={Dey, Eric L and Burn, Helen E and Gerdes, David},
  journal={Research in Higher Education},
  volume={50},
  number={4},
  pages={377--393},
  year={2009},
  publisher={Springer}
}

@article{brecht2008enabling,
  title={Enabling a comprehensive teaching strategy: Video lectures},
  author={Brecht, H and Ogilby, Suzanne},
  journal={Journal of Information Technology Education: Innovations in Practice},
  volume={7},
  number={1},
  pages={71--86},
  year={2008}
}

@article{bland1997statistics,
  title={Statistics notes: Cronbach's alpha},
  author={Bland, J Martin and Altman, Douglas G},
  journal={Bmj},
  volume={314},
  number={7080},
  pages={572},
  year={1997},
  publisher={BMJ}
}

@article{pelachaud2009modelling,
  title={Modelling multimodal expression of emotion in a virtual agent},
  author={Pelachaud, Catherine},
  journal={Philosophical Transactions of the Royal Society B: Biological Sciences},
  volume={364},
  number={1535},
  pages={3539--3548},
  year={2009},
  publisher={The Royal Society}
}

@inproceedings{andrist2012designing,
  title={Designing effective gaze mechanisms for virtual agents},
  author={Andrist, Sean and Pejsa, Tomislav and Mutlu, Bilge and Gleicher, Michael},
  booktitle={Proceedings of the SIGCHI conference on Human factors in computing systems},
  pages={705--714},
  year={2012},
  organization={ACM}
}

@inproceedings{Unity,
  title={Unity},
  author={},
  booktitle={http://unity3d.com/},
  pages={},
  year={2014-12-13},
  organization={last checked}
}

%@misc{Unity,
 % title = {Unity},
  %howpublished = {\url{http://unity3d.com/},
  %note = {Accessed: 2014-12-13}
%}



@inproceedings{DBLP:conf/iva/HartholtTMSSLMG13,
  author    = {Arno Hartholt and
               David R. Traum and
               Stacy C. Marsella and
               Ari Shapiro and
               Giota Stratou and
               Anton Leuski and
               Louis{-}Philippe Morency and
               Jonathan Gratch},
  title     = {All Together Now - Introducing the Virtual Human Toolkit},
  booktitle = {Intelligent Virtual Agents - 13th International Conference, {IVA}
               2013, Edinburgh, UK, August 29-31, 2013. Proceedings},
  pages     = {368--381},
  year      = {2013},
  crossref  = {DBLP:conf/iva/2013},
  url       = {http://dx.doi.org/10.1007/978-3-642-40415-3_33},
  doi       = {10.1007/978-3-642-40415-3_33},
  timestamp = {Wed, 21 Aug 2013 15:07:29 +0200},
  biburl    = {http://dblp.uni-trier.de/rec/bib/conf/iva/HartholtTMSSLMG13},
  bibsource = {dblp computer science bibliography, http://dblp.org}
}